<?xml version="1.0" encoding="UTF-8"?><collection xmlns="http://www.loc.gov/MARC21/slim"><record><leader>00400nam--2200145-i-4500</leader><controlfield tag="001">000023620</controlfield><controlfield tag="002">20161230</controlfield><controlfield tag="005">20161230201035</controlfield><controlfield tag="008">060222s1000------------r-----000-0-eng-d</controlfield><datafield ind1=" " ind2=" " tag="080"><subfield code="a">515.122(043)</subfield></datafield><datafield ind1=" " ind2=" " tag="100"><subfield code="a">Jebli, Ahmed</subfield></datafield><datafield ind1=" " ind2=" " tag="245"><subfield code="a">Corps des fractions et topologies lineaires. these</subfield></datafield><datafield ind1=" " ind2=" " tag="260"><subfield code="a">Rennes, L`Universite De Rennes, 1975, 57p</subfield></datafield><datafield ind1=" " ind2=" " tag="852"><subfield code="a">44133</subfield><subfield code="c">513.83</subfield></datafield><datafield ind1=" " ind2=" " tag="CAT"><subfield code="a">Sys</subfield><subfield code="c">20080609</subfield><subfield code="h">103622</subfield></datafield></record></collection>